@inproceedings{Forster2014ICRA,
  author = {Forster, Christian and Pizzoli, Matia and Scaramuzza, Davide},
  title = {{SVO}: Fast Semi-Direct Monocular Visual Odometry},
  booktitle = {IEEE International Conference on Robotics and Automation (ICRA)},
  year = {2014}
}

@InProceedings{klein07parallel,
  author =	 {Georg Klein and David Murray},
  title =	 {Parallel Tracking and Mapping for Small {AR} Workspaces},
  booktitle =	 {Proc. Sixth {IEEE} and {ACM} International Symposium
                  on Mixed and Augmented Reality {(ISMAR'07)}},
  year =	 2007,
  month =	 {November},
  address =	 {Nara, Japan}
}

@InProceedings{klein08improving,
  author =	 {Georg Klein and David Murray},
  title =	 {Improving the Agility of Keyframe-Based {SLAM}},
  booktitle =	 {Proc. 10th European Conference on Computer Vision
                  (ECCV'08)},
  year =	 {2008},
  pages =	 {802-815},
  month =	 {October},
  address =	 {Marseille}
}

@INPROCEEDINGS{Montemerlo02a,
  AUTHOR         = {Montemerlo, M. and Thrun, S. and Koller, D. and 
                    Wegbreit, B.},
  TITLE          = {{FastSLAM}: {A} Factored Solution to the Simultaneous 
                    Localization and Mapping Problem},
  YEAR           = {2002},
  BOOKTITLE      = {Proceedings of the AAAI National Conference on 
                    Artificial Intelligence},
  PUBLISHER      = {AAAI},
  ADDRESS        = {Edmonton, Canada}
}

@INPROCEEDINGS{174711, 
author={Leonard, J.J. and Durrant-Whyte, H.F.}, 
booktitle={Intelligent Robots and Systems '91. 'Intelligence for Mechanical Systems, Proceedings IROS '91. IEEE/RSJ International Workshop on}, 
title={Simultaneous map building and localization for an autonomous mobile robot}, 
year={1991}, 
month={Nov}, 
pages={1442-1447 vol.3}, 
keywords={computerised navigation;mobile robots;planning (artificial intelligence);autonomous mobile robot;computerised navigation;localization;long-term globally referenced position estimation;map building;multiple servo-mounted sonar sensors;path planning;precise positioning;ultrasonic sensing;Humans;Mobile robots;National electric code;Robot sensing systems;Sensor phenomena and characterization;Sonar navigation;Stochastic resonance;Target tracking;Testing;Vehicles}, 
doi={10.1109/IROS.1991.174711},}


@inproceedings{conf/iccv/NewcombeLD11,
  added-at = {2012-01-19T00:00:00.000+0100},
  author = {Newcombe, Richard A. and Lovegrove, Steven and Davison, Andrew J.},
  biburl = {http://www.bibsonomy.org/bibtex/258222c2b6b0b8f15fa46aaab65a66d62/dblp},
  booktitle = {ICCV},
  crossref = {conf/iccv/2011},
  editor = {Metaxas, Dimitris N. and Quan, Long and Sanfeliu, Alberto and Gool, Luc J. Van},
  ee = {http://dx.doi.org/10.1109/ICCV.2011.6126513},
  interhash = {3e64528986ebe5519fe03c69ade6f254},
  intrahash = {58222c2b6b0b8f15fa46aaab65a66d62},
  isbn = {978-1-4577-1101-5},
  keywords = {dblp},
  pages = {2320-2327},
  publisher = {IEEE},
  timestamp = {2012-01-19T00:00:00.000+0100},
  title = {DTAM: Dense tracking and mapping in real-time.},
  url = {http://dblp.uni-trier.de/db/conf/iccv/iccv2011.html#NewcombeLD11},
  year = 2011
}


@article{journals/ijista/AbramsonSG07,
  added-at = {2008-01-04T00:00:00.000+0100},
  author = {Abramson, Yotam and Steux, Bruno and Ghorayeb, Hicham},
  biburl = {http://www.bibsonomy.org/bibtex/25a3177aaccf51f5c17d764c472c8c21c/dblp},
  date = {2008-01-04},
  description = {dblp},
  ee = {http://dx.doi.org/10.1504/IJISTA.2007.012476},
  interhash = {803036406b84ce072e5f6de323802184},
  intrahash = {5a3177aaccf51f5c17d764c472c8c21c},
  journal = {IJISTA},
  keywords = {dblp},
  number = {2/3},
  pages = {102-112},
  timestamp = {2008-01-04T00:00:00.000+0100},
  title = {Yet Even Faster (YEF) real-time object detection.},
  url = {http://dblp.uni-trier.de/db/journals/ijista/ijista2.html#AbramsonSG07},
  volume = 2,
  year = 2007
}

@INPROCEEDINGS{710772, 
author={Papageorgiou, C.P. and Oren, M. and Poggio, T.}, 
booktitle={Computer Vision, 1998. Sixth International Conference on}, 
title={A general framework for object detection}, 
year={1998}, 
month={Jan}, 
pages={555-562}, 
keywords={learning (artificial intelligence);object detection;object recognition;cluttered scenes;object detection;static images;trainable framework;unconstrained environments;wavelet representation;Detection algorithms;Dictionaries;Face detection;Layout;Machine learning;Object detection;Statistical analysis;Support vector machine classification;Support vector machines;Wavelet analysis}, 
doi={10.1109/ICCV.1998.710772},}

@INPROCEEDINGS{Viola01rapidobject,
    author = {Paul Viola and Michael Jones},
    title = {Rapid object detection using a boosted cascade of simple features},
    booktitle = {},
    year = {2001},
    pages = {511--518}
}

@INPROCEEDINGS{Lienhart02anextended,
    author = {Rainer Lienhart and Jochen Maydt},
    title = {An Extended Set of Haar-Like Features for Rapid Object Detection},
    booktitle = {IEEE ICIP 2002},
    year = {2002},
    pages = {900--903}
}

@article{lsvm-pami,
  title = "Object Detection with Discriminatively Trained Part Based Models",
  author = "Felzenszwalb, P. F. and Girshick, R. B. and McAllester, D. and Ramanan, D.",
  journal = "IEEE Transactions on Pattern Analysis and Machine Intelligence",
  year = "2010", volume = "32", number = "9", pages = "1627--1645"}
  
@incollection{NIPS2012_4824,
title = {ImageNet Classification with Deep Convolutional Neural Networks},
author = {Alex Krizhevsky and Sutskever, Ilya and Geoffrey E. Hinton},
booktitle = {Advances in Neural Information Processing Systems 25},
editor = {F. Pereira and C.J.C. Burges and L. Bottou and K.Q. Weinberger},
pages = {1097--1105},
year = {2012},
publisher = {Curran Associates, Inc.},
url = {http://papers.nips.cc/paper/4824-imagenet-classification-with-deep-convolutional-neural-networks.pdf}
}

@inproceedings{lai2012detection,
  title={Detection-based object labeling in 3D scenes},
  author={Lai, Kevin and Bo, Liefeng and Ren, Xiaofeng and Fox, Dieter},
  booktitle={Robotics and Automation (ICRA), 2012 IEEE International Conference on},
  pages={1330--1337},
  year={2012},
  organization={IEEE}
}

@article{DBLP:journals/ivc/MaillotT08,
  author    = {Nicolas Maillot and
               Monique Thonnat},
  title     = {Ontology based complex object recognition},
  journal   = {Image Vision Comput.},
  volume    = {26},
  number    = {1},
  year      = {2008},
  pages     = {102-113},
  ee        = {http://dx.doi.org/10.1016/j.imavis.2005.07.027},
  bibsource = {DBLP, http://dblp.uni-trier.de}
}

@book{owl2-overview,
 author    = {W3C {OWL Working Group}},
 title     = {{OWL~2 Web Ontology Language: Document Overview}},
 publisher = {W3C Recommendation},
 note      = {Available at \url{http://www.w3.org/TR/owl2-overview/}},
 year      = {27 October 2009}
}

@book{owl2-primer,
 editor    = {Pascal Hitzler and Markus Kr\"{o}tzsch and Bijan Parsia and
              Peter F. Patel-Schneider and Sebastian Rudolph},
 title     = {{OWL~2 Web Ontology Language: Primer}},
 publisher = {W3C Recommendation},
 note      = {Available at \url{http://www.w3.org/TR/owl2-primer/}},
 year      = {27 October 2009}
}
  
@INPROCEEDINGS{6630614, 
author={Blumenthal, S. and Bruyninckx, H. and Nowak, W. and Prassler, E.}, 
booktitle={Robotics and Automation (ICRA), 2013 IEEE International Conference on}, 
title={A scene graph based shared 3D world model for robotic applications}, 
year={2013}, 
month={May}, 
pages={453-460}, 
keywords={directed graphs;feature extraction;object tracking;robots;solid modelling;3D data temporal sharing;ROI extraction;centralized sharing;directed acyclic graph;dynamic object tracking;perception application;region-of-interest;robotic domain;scene graph concept;semantic tag annotations;shared 3D world model;Robot kinematics;Robot sensing systems;Semantics;Three-dimensional displays;Transforms;Uncertainty}, 
doi={10.1109/ICRA.2013.6630614}, 
ISSN={1050-4729},}

@article{blumenthal2014towards,
  title={Towards a Domain Specific Language for a Scene Graph based Robotic World Model},
  author={Blumenthal, Sebastian and Bruyninckx, Herman},
  journal={arXiv preprint arXiv:1408.0200},
  year={2014}
}

@ARTICLE{30724, 
author={Roth-Tabak, Y. and Jain, R.}, 
journal={Computer}, 
title={Building an environment model using depth information}, 
year={1989}, 
month={June}, 
volume={22}, 
number={6}, 
pages={85-90}, 
keywords={computer vision;computerised navigation;distance measurement;sonar;depth information;environment model;expected scene;range sensors;raw sensory data;sensor-built model mode;viewed scene;volumetric environment model;Autonomous agents;Intelligent robots;Intelligent systems;Layout;Navigation;Object recognition;Power generation;Power system modeling;Sensor systems;Sonar}, 
doi={10.1109/2.30724}, 
ISSN={0018-9162},}

@inproceedings{herbert1989terrain,
  title={Terrain mapping for a roving planetary explorer},
  author={Herbert, M and Caillas, C and Krotkov, Eric and Kweon, In So and Kanade, Takeo},
  booktitle={Robotics and Automation, 1989. Proceedings., 1989 IEEE International Conference on},
  pages={997--1002},
  year={1989},
  organization={IEEE}
}

@INPROCEEDINGS{4058725, 
author={Triebel, R. and Pfaff, P. and Burgard, W.}, 
booktitle={Intelligent Robots and Systems, 2006 IEEE/RSJ International Conference on}, 
title={Multi-Level Surface Maps for Outdoor Terrain Mapping and Loop Closing}, 
year={2006}, 
month={Oct}, 
pages={2276-2282}, 
keywords={mobile robots;path planning;terrain mapping;loop closing;mobile robots;multi-level surface maps;nonflat surfaces;outdoor terrain mapping;path planning;Bridges;Buildings;Data structures;Impedance matching;Large-scale systems;Mobile robots;Multilevel systems;Path planning;Robot sensing systems;Terrain mapping}, 
doi={10.1109/IROS.2006.282632},}

@ARTICLE{hornung13auro,
  author = {Armin Hornung and Kai M. Wurm and Maren Bennewitz and Cyrill
  Stachniss and Wolfram Burgard},
  title = {{OctoMap}: An Efficient Probabilistic {3D} Mapping Framework Based
  on Octrees},
  journal = {Autonomous Robots},
  year = 2013,
  url = {http://octomap.github.com},
  doi = {10.1007/s10514-012-9321-0},
  note = {Software available at \url{http://octomap.github.com}}
}

@book{joseph1994riley,
  title={Riley},
  author={Joseph, C and Giarratano, D Gary},
  journal={Expert Systems Principles and Programming},
  year={1994}
}

@inproceedings{izadi2011kinectfusion,
title={KinectFusion: real-time 3D reconstruction and interaction using a moving depth camera},
author={Izadi, Shahram and Kim, David and Hilliges, Otmar and Molyneaux, David and Newcombe, Richard and Kohli, Pushmeet and Shotton, Jamie and Hodges, Steve and Freeman, Dustin and Davison, Andrew and others},
booktitle={Proceedings of the 24th annual ACM symposium on User interface software and technology},
pages={559--568},
year={2011},
organization={ACM}
}

@article{henry2012rgb,
title={RGB-D mapping: Using Kinect-style depth cameras for dense 3D modeling of indoor environments},
author={Henry, Peter and Krainin, Michael and Herbst, Evan and Ren, Xiaofeng and Fox, Dieter},
journal={The International Journal of Robotics Research},
volume={31},
number={5},
pages={647--663},
year={2012},
publisher={SAGE Publications}
}

@inproceedings{sturm2012benchmark,
title={A benchmark for the evaluation of RGB-D SLAM systems},
author={Sturm, J{\"u}rgen and Engelhard, Nikolas and Endres, Felix and Burgard, Wolfram and Cremers, Daniel},
booktitle={Intelligent Robots and Systems (IROS), 2012 IEEE/RSJ International Conference on},
pages={573--580},
year={2012},
organization={IEEE}
}​